%----------------- P2P Network -----------------%

@unpublished{p2psurvey,
  author="罗杰文",
  title="Peer-To-Peer 综述",
  note="http://www.intsci.ac.cn/users/luojw/P2P/index.html",
  year=2006
}

%----------------- Text Mining ------------------%



%---------------- Uncategoried ----------------- %

@article{tao2011personalized,
  title={A personalized ontology model for web information gathering},
  author={Tao, Xiaohui and Li, Yuefeng and Zhong, Ning},
  journal={Knowledge and Data Engineering, IEEE Transactions on},
  volume={23},
  number={4},
  pages={496--511},
  year={2011},
  publisher={IEEE}
}

@article{liu2015efficient,
  title={An efficient and trustworthy P2P and social network integrated file sharing system},
  author={Liu, Guoxin and Shen, Haiying and Ward, Lee},
  journal={Computers, IEEE Transactions on},
  volume={64},
  number={1},
  pages={54--70},
  year={2015},
  publisher={IEEE}
}

@article{yang2010efficient,
  title={An efficient hybrid peer-to-peer system for distributed data sharing},
  author={Yang, Min and Yang, Yuanyuan},
  journal={Computers, IEEE Transactions on},
  volume={59},
  number={9},
  pages={1158--1171},
  year={2010},
  publisher={IEEE}
}

@article{iamnitchi2011small,
  title={The small world of file sharing},
  author={Iamnitchi, Adriana and Ripeanu, Matei and Santos-Neto, Elizeu and Foster, Ian},
  journal={Parallel and Distributed Systems, IEEE Transactions on},
  volume={22},
  number={7},
  pages={1120--1134},
  year={2011},
  publisher={IEEE}
}

@article{tan2013discusses,
  title={Discusses of User Interest Model in Personalized Search},
  author={Tan, Jinbo},
  journal={IJACT: International Journal of Advancements in Computing Technology},
  volume={5},
  number={1},
  pages={619--626},
  year={2013}
}

@inproceedings{ye2011research,
  title={Research on Interest Model of User Behavior},
  author={Ye, Yu and Wu, Guowen and Luo, Xin},
  booktitle={Proceedings of 2011 International Conference on Computer Science and Information Technology (ICCSIT 2011)},
  year={2011}
}

@article{gong2012personalized,
  title={The personalized information retrieval model based on user interest},
  author={Gong, Songjie},
  journal={Physics Procedia},
  volume={24},
  pages={817--821},
  year={2012},
  publisher={Elsevier}
}

@inproceedings{mccallum1998comparison,
  title={A comparison of event models for naive bayes text classification},
  author={McCallum, Andrew and Nigam, Kamal and others},
  booktitle={AAAI-98 workshop on learning for text categorization},
  volume={752},
  pages={41--48},
  year={1998},
  organization={Citeseer}
}

@unpublished{mccallumlibbow,
  author="Andrew Kachites McCallum",
  title="Bow: A toolkit for statistical language modeling, 
           text retrieval, classification and clustering",
  note="http://www.cs.cmu.edu/~mccallum/bow",
  year=1996
}

@article{hu2011survey,
  title={A survey on visual content-based video indexing and retrieval},
  author={Hu, Weiming and Xie, Nianhua and Li, Li and Zeng, Xianglin and Maybank, Stephen},
  journal={Systems, Man, and Cybernetics, Part C: Applications and Reviews, IEEE Transactions on},
  volume={41},
  number={6},
  pages={797--819},
  year={2011},
  publisher={IEEE}
}

@book{heckerman1998tutorial,
  title={A tutorial on learning with Bayesian networks},
  author={Heckerman, David},
  year={1998},
  publisher={Springer}
}

@inproceedings{inouye2014admixture,
  title={Admixture of Poisson MRFs: A topic model with word dependencies},
  author={Inouye, David and Ravikumar, Pradeep and Dhillon, Inderjit},
  booktitle={Proceedings of The 31st International Conference on Machine Learning},
  pages={683--691},
  year={2014}
}

@article{sutton2011introduction,
  title={An introduction to conditional random fields},
  author={Sutton, Charles and McCallum, Andrew},
  journal={Machine Learning},
  volume={4},
  number={4},
  pages={267--373},
  year={2011}
}

@article{yang2013bayesian,
  title={Bayesian-inference-based recommendation in online social networks},
  author={Yang, Xiwang and Guo, Yang and Liu, Yong},
  journal={Parallel and Distributed Systems, IEEE Transactions on},
  volume={24},
  number={4},
  pages={642--651},
  year={2013},
  publisher={IEEE}
}

@inproceedings{banerjee2005clustering,
  title={Clustering on the unit hypersphere using von Mises-Fisher distributions},
  author={Banerjee, Arindam and Dhillon, Inderjit S and Ghosh, Joydeep and Sra, Suvrit},
  booktitle={Journal of Machine Learning Research},
  pages={1345--1382},
  year={2005}
}

@article{shi2014collaborative,
  title={Collaborative filtering beyond the user-item matrix: A survey of the state of the art and future challenges},
  author={Shi, Yue and Larson, Martha and Hanjalic, Alan},
  journal={ACM Computing Surveys (CSUR)},
  volume={47},
  number={1},
  pages={3},
  year={2014},
  publisher={ACM}
}

@inproceedings{yang2013cqarank,
  title={Cqarank: jointly model topics and expertise in community question answering},
  author={Yang, Liu and Qiu, Minghui and Gottipati, Swapna and Zhu, Feida and Jiang, Jing and Sun, Huiping and Chen, Zhong},
  booktitle={Proceedings of the 22nd ACM international conference on Conference on information \& knowledge management},
  pages={99--108},
  year={2013},
  organization={ACM}
}

@inproceedings{hingmire2013document,
  title={Document classification by topic labeling},
  author={Hingmire, Swapnil and Chougule, Sandeep and Palshikar, Girish K and Chakraborti, Sutanu},
  booktitle={Proceedings of the 36th international ACM SIGIR conference on Research and development in information retrieval},
  pages={877--880},
  year={2013},
  organization={ACM}
}

@inproceedings{chen2013emerging,
  title={Emerging topic detection for organizations from microblogs},
  author={Chen, Yan and Amiri, Hadi and Li, Zhoujun and Chua, Tat-Seng},
  booktitle={Proceedings of the 36th international ACM SIGIR conference on Research and development in information retrieval},
  pages={43--52},
  year={2013},
  organization={ACM}
}

@article{lau2013improving,
  title={Improving the utility of topic models: an uncut gem does not sparkle},
  author={Lau, Jey Han},
  year={2013}
}

@inproceedings{xia2012inbi,
  title={INBI: An improved network-based inference recommendation algorithm},
  author={Xia, Jianxun and Wu, Fei and Xie, Changsheng and Tu, Jianwei},
  booktitle={Networking, Architecture and Storage (NAS), 2012 IEEE 7th International Conference on},
  pages={99--103},
  year={2012},
  organization={IEEE}
}

@inproceedings{ramage2009labeled,
  title={Labeled LDA: A supervised topic model for credit attribution in multi-labeled corpora},
  author={Ramage, Daniel and Hall, David and Nallapati, Ramesh and Manning, Christopher D},
  booktitle={Proceedings of the 2009 Conference on Empirical Methods in Natural Language Processing: Volume 1-Volume 1},
  pages={248--256},
  year={2009},
  organization={Association for Computational Linguistics}
}

@article{blei2003latent,
  title={Latent dirichlet allocation},
  author={Blei, David M and Ng, Andrew Y and Jordan, Michael I},
  journal={the Journal of machine Learning research},
  volume={3},
  pages={993--1022},
  year={2003},
  publisher={JMLR. org}
}

@inproceedings{lv2011learning,
  title={Learning to model relatedness for news recommendation},
  author={Lv, Yuanhua and Moon, Taesup and Kolari, Pranam and Zheng, Zhaohui and Wang, Xuanhui and Chang, Yi},
  booktitle={Proceedings of the 20th international conference on World wide web},
  pages={57--66},
  year={2011},
  organization={ACM}
}

@inproceedings{bendersky2012modeling,
  title={Modeling higher-order term dependencies in information retrieval using query hypergraphs},
  author={Bendersky, Michael and Croft, W Bruce},
  booktitle={Proceedings of the 35th international ACM SIGIR conference on Research and development in information retrieval},
  pages={941--950},
  year={2012},
  organization={ACM}
}

@article{gimpel2006modeling,
  title={Modeling topics},
  author={Gimpel, Kevin},
  journal={Inform. Retrieval},
  volume={5},
  pages={1--23},
  year={2006},
  publisher={Citeseer}
}

@inproceedings{andoni2006near,
  title={Near-optimal hashing algorithms for approximate nearest neighbor in high dimensions},
  author={Andoni, Alexandr and Indyk, Piotr},
  booktitle={Foundations of Computer Science, 2006. FOCS'06. 47th Annual IEEE Symposium on},
  pages={459--468},
  year={2006},
  organization={IEEE}
}

@inproceedings{girolami2003equivalence,
  title={On an equivalence between PLSI and LDA},
  author={Girolami, Mark and Kab{\'a}n, Ata},
  booktitle={Proceedings of the 26th annual international ACM SIGIR conference on Research and development in informaion retrieval},
  pages={433--434},
  year={2003},
  organization={ACM}
}

@inproceedings{mimno2011optimizing,
  title={Optimizing semantic coherence in topic models},
  author={Mimno, David and Wallach, Hanna M and Talley, Edmund and Leenders, Miriam and McCallum, Andrew},
  booktitle={Proceedings of the Conference on Empirical Methods in Natural Language Processing},
  pages={262--272},
  year={2011},
  organization={Association for Computational Linguistics}
}

@techreport{heinrich2005parameter,
  title={Parameter estimation for text analysis},
  author={Heinrich, Gregor},
  year={2005},
  institution={Technical report}
}

@article{blei2012probabilistic,
  title={Probabilistic topic models},
  author={Blei, David M},
  journal={Communications of the ACM},
  volume={55},
  number={4},
  pages={77--84},
  year={2012},
  publisher={ACM}
}

@inproceedings{abbar2013real,
  title={Real-time recommendation of diverse related articles},
  author={Abbar, Sofiane and Amer-Yahia, Sihem and Indyk, Piotr and Mahabadi, Sepideh},
  booktitle={Proceedings of the 22nd international conference on World Wide Web},
  pages={1--12},
  year={2013},
  organization={International World Wide Web Conferences Steering Committee}
}

@inproceedings{chang2009relational,
  title={Relational topic models for document networks},
  author={Chang, Jonathan and Blei, David M},
  booktitle={International Conference on Artificial Intelligence and Statistics},
  pages={81--88},
  year={2009}
}

@inproceedings{tavakolifard2013tailored,
  title={Tailored news in the palm of your hand: a multi-perspective transparent approach to news recommendation},
  author={Tavakolifard, Mozhgan and Gulla, Jon Atle and Almeroth, Kevin C and Ingvaldesn, Jon Espen and Nygreen, Gaute and Berg, Erik},
  booktitle={Proceedings of the 22nd international conference on World Wide Web companion},
  pages={305--308},
  year={2013},
  organization={International World Wide Web Conferences Steering Committee}
}

@inproceedings{caballero2012generalized,
  title={The generalized dirichlet distribution in enhanced topic detection},
  author={Caballero, Karla L and Barajas, Joel and Akella, Ram},
  booktitle={Proceedings of the 21st ACM international conference on Information and knowledge management},
  pages={773--782},
  year={2012},
  organization={ACM}
}

@inproceedings{chen2014topic,
  title={Topic Modeling using Topics from Many Domains, Lifelong Learning and Big Data},
  author={Chen, Zhiyuan and Liu, Bing},
  booktitle={Proceedings of the 31st International Conference on Machine Learning (ICML-14)},
  pages={703--711},
  year={2014}
}

@inproceedings{wang2006topics,
  title={Topics over time: a non-Markov continuous-time model of topical trends},
  author={Wang, Xuerui and McCallum, Andrew},
  booktitle={Proceedings of the 12th ACM SIGKDD international conference on Knowledge discovery and data mining},
  pages={424--433},
  year={2006},
  organization={ACM}
}

